<record><leader>00000cas a22000007a 4500</leader><controlfield tag="001">15113901</controlfield><controlfield tag="008">870126c19469999inuwr ne      0    0eng d</controlfield><datafield ind1=" " ind2=" " tag="010"><subfield code="a">sn 87055640 </subfield></datafield><datafield ind1=" " ind2=" " tag="040"><subfield code="a">NPI</subfield><subfield code="b">eng</subfield><subfield code="c">NPI</subfield><subfield code="d">OCLCQ</subfield></datafield><datafield ind1=" " ind2=" " tag="042"><subfield code="a">msc</subfield></datafield><datafield ind1="0" ind2="4" tag="245"><subfield code="a">The Indiana city press.</subfield></datafield><datafield ind1=" " ind2=" " tag="260"><subfield code="a">East Chicago, Ind. :</subfield><subfield code="b">Lela Huish</subfield></datafield><datafield ind1=" " ind2=" " tag="310"><subfield code="a">Weekly</subfield></datafield><datafield ind1="1" ind2=" " tag="362"><subfield code="a">Began in 1946.</subfield></datafield><datafield ind1=" " ind2=" " tag="515"><subfield code="a">Numbering is irregular.</subfield></datafield><datafield ind1=" " ind2=" " tag="580"><subfield code="a">An edition of: The Calumet news.</subfield></datafield><datafield ind1=" " ind2=" " tag="588"><subfield code="a">Description based on: Vol. 48, no. 32 (Aug. 20, 1971).</subfield></datafield><datafield ind1=" " ind2=" " tag="752"><subfield code="a">United States</subfield><subfield code="b">Indiana</subfield><subfield code="c">Lake</subfield><subfield code="d">East Chicago.</subfield></datafield><datafield ind1="1" ind2=" " tag="775"><subfield code="t">Calumet news</subfield><subfield code="w">(DLC)sn 84045407</subfield></datafield></record>